<?xml version="1.0" encoding="UTF-8"?><collection xmlns="http://www.loc.gov/MARC21/slim"><record><leader>00562nam--2200181-u-4500</leader><controlfield tag="001">000051060</controlfield><controlfield tag="002">20161230</controlfield><controlfield tag="005">20161230201049</controlfield><controlfield tag="008">080515s1000------------r-----000-0-eng-d</controlfield><datafield ind1=" " ind2=" " tag="040"><subfield code="a">IFIN-HH</subfield></datafield><datafield ind1=" " ind2=" " tag="080"><subfield code="a">512</subfield></datafield><datafield ind1="1" ind2=" " tag="100"><subfield code="a">Udriste,Constantin s.a</subfield></datafield><datafield ind1="1" ind2="0" tag="245"><subfield code="a">Probleme de Algebra, Geometrie si Ecuatii Diferentiale</subfield><subfield code="c">Constantin udriste; constantin radu; constantina dicu; odetta malancioiu</subfield></datafield><datafield ind1=" " ind2=" " tag="260"><subfield code="a">Bucuresti</subfield><subfield code="b">Editura Didactica si Pedagogica</subfield><subfield code="c">1981</subfield></datafield><datafield ind1=" " ind2=" " tag="300"><subfield code="a">327</subfield></datafield><datafield ind1="1" ind2=" " tag="700"><subfield code="a">Malancioiu, Odetta</subfield></datafield><datafield ind1=" " ind2=" " tag="852"><subfield code="a">49420</subfield><subfield code="c">512</subfield></datafield><datafield ind1=" " ind2=" " tag="CAT"><subfield code="a">Sys</subfield><subfield code="c">20110209</subfield><subfield code="h">120325</subfield></datafield></record></collection>